
@booklet{lorem,
    author="Lorem Ipsum",
    title="lorem ipsum",
	url="https://www.loremipsum.de/",
	year="abgerufen am 08.08.2022"
}
